%BUCH RICHTIG ZITIEREN:

@book{bang2008digraphs,
  title={Digraphs: Theory, Algorithms and Applications (Second Edition)},
  author={Bang-Jensen, J. and Gutin, G.~Z.},
  year={2009},
  publisher={Springer},
 
}



%VERÖFFENTLICHTES PAPER RICHTIG ZITIEREN

@article{Bang-Jensen2020Critical,
author = {Bang-Jensen, J. and Bellitto, T. and Schweser, T. and Stiebitz, M.},
title = {Haj\'os and Ore constructions for digraphs},
journal = {Electron. J. Combin.},
volume={27},
pages={{\#}P1.63},
year={2020}
}


%INPROCEEDINGS RICHTIG ZITIEREN

@inproceedings{borodin1977criterion,
  title={Criterion of chromaticity of a degree prescription (in Russian)},
  author={Borodin, O.~V.},
  booktitle={In: Abstracts of IV All-Union Conf. on Theoretical Cybernetics (Novosibirsk)},
  pages={127--128},
  year={1977}
}


%DISSERTATIONEN RICHTIG ZITIEREN

@phdthesis{dirac1950colouring,
title={On the Colouring of Graphs},
author={Dirac, G.~A.},
school={University of London},
 year={1951},
}



% ARXIV PREPRINTS RICHTIG ZITIEREN


@online{schweser2018low-connectivity,
 	title={Coloring hypergraphs of low connectivity},
    author={Schweser, T. and Stiebitz, M. and Toft, B.},
    year={2018},
    eprint={1806.08567},
    archivePrefix={arXiv},
}


% WORK IN PROGRESS RICHTIG ZITIEREN

@unpublished{schweser2020crit,
	title={Critical digraphs with few arcs and few vertices},
	author={Schweser, T. and Stehl{\'\i}k, M., and Stiebitz, M.},
	note={work in progress}
}


% ARTIKEL AUS SAMMELBÄNDEN RICHTIG ZITIEREN

@incollection{stiebitz2015brooks,
  author       = {Stiebitz, M. and Toft, B.}, 
  title        = {Brooks's Theorem},
  booktitle = {Topics in Chromatic Graph Theory}, 
  pages        = {36--55},
  publisher    = {Cambridge University Press},
  year         = 2015,
  note         = {Edited by L.~W.~Beineke and R.~J.~Wilson, with Academic Consultant B.~Toft}
}


